
@article{duan1992effective,
  title={Effective and efficient global optimization for conceptual rainfall-runoff models},
  author={Duan, Qingyun and Sorooshian, Soroosh and Gupta, Vijai},
  journal={Water resources research},
  volume={28},
  number={4},
  pages={1015--1031},
  year={1992},
  publisher={Wiley Online Library}
}

@article{zhao2014shuffled,
  title={A shuffled complex evolution algorithm with opposition-based learning for a permutation flow shop scheduling problem},
  author={Zhao, Fuqing and Zhang, Jianlin and Wang, Junbiao and Zhang, Chuck},
  journal={International Journal of Computer Integrated Manufacturing},
  number={ahead-of-print},
  pages={1--16},
  year={2014},
  publisher={Taylor \& Francis}
}

@article{elbeltagi2007modified,
  title={A modified shuffled frog-leaping optimization algorithm: applications to project management},
  author={Elbeltagi, Emad and Hegazy, Tarek and Grierson, Donald},
  journal={Structure and Infrastructure Engineering},
  volume={3},
  number={1},
  pages={53--60},
  year={2007},
  publisher={Taylor \& Francis}
}

@article{mcmillan1973resource,
  title={Resource allocation via 0--1 programming},
  author={McMillan, C and Plaine, DR},
  journal={Decision Sciences},
  volume={4},
  pages={119--132},
  year={1973}
}


@Article{Gilmore-Gomory-1966,
author = {Gilmore, P. C. and Gomory, R. E.},
title = {{The Theory and Computation of Knapsack Functions}},
journal = {Operations Research},
volume = {14},
year = {1966},
pages = {1045--1074},
issue = {6},
doi = {10.1287/opre.14.6.1045},
masid = {2018396}
}

@article{Shih-1979,
author = {Shih, W.},
title = {{A Branch and Bound Method for the Multiconstraint Zero-One Knapsack Problem}},
journal = {Journal of The Operational Research Society},
volume = {30},
year = {1979},
pages = {369--378},
issue = {4},
doi = {10.1057/jors.1979.78},
masid = {2032556}
}

@article{Gavish-Pirckul-1982,
author = {Gavish, B. and Pirkul, H.},
title = {{Allocation of data bases and processors in a distributed computing system}},
year = {1982},
masid = {2678570}
}


@article{balas1980algorithm,
  title={An algorithm for large zero-one knapsack problems},
  author={Balas, Egon and Zemel, Eitan},
  journal={operations Research},
  volume={28},
  number={5},
  pages={1130--1154},
  year={1980},
  publisher={INFORMS}
}

@article{Puchinger2010,
author = {Jakob Puchinger and Günther R. Raidl and Ulrich Pferschy},
title = {{The Multidimensional Knapsack Problem: Structure and Algorithms}},
journal = {Informs Journal on Computing},
volume = {22},
year = {2010},
pages = {250--265},
issue = {2},
doi = {10.1287/ijoc.1090.0344},
masid = {4572817}
}

@incollection{puchinger2006core,
  title={The core concept for the multidimensional knapsack problem},
  author={Puchinger, Jakob and Raidl, G{\"u}nther R and Pferschy, Ulrich},
  booktitle={Evolutionary Computation in Combinatorial Optimization},
  pages={195--208},
  year={2006},
  publisher={Springer}
}

@article{Chu-Beasley-1998,
 author = {Chu, P. C. and Beasley, J. E.},
 title = {A Genetic Algorithm for the Multidimensional Knapsack Problem},
 journal = {Journal of Heuristics},
 issue_date = {June 1998},
 volume = {4},
 number = {1},
 month = jun,
 year = {1998},
 issn = {1381-1231},
 pages = {63--86},
 numpages = {24},
 url = {http://dx.doi.org/10.1023/A:1009642405419},
 doi = {10.1023/A:1009642405419},
 acmid = {594978},
 publisher = {Kluwer Academic Publishers},
 address = {Hingham, MA, USA},
 keywords = {combinatorial optimisation, genetic algorithms, multiconstraint knapsack, multidimensional knapsack}
} 

@incollection{glover1996critical,
  title={Critical event tabu search for multidimensional knapsack problems},
  author={Glover, Fred and Kochenberger, Gary A},
  booktitle={Meta-Heuristics},
  pages={407--427},
  year={1996},
  publisher={Springer}
}

@online{ORLibrary,
  author = {John E. Beasley},
  title = {OR Library},
  year = 2012,
  url = {http://www.brunel.ac.uk/~mastjjb/jeb/info.html},
  urldate = {2015-07-10}
}

@article{freville1994efficient,
  title={An efficient preprocessing procedure for the multidimensional 0--1 knapsack problem},
  author={Freville, Arnaud and Plateau, G{\'e}rard},
  journal={Discrete Applied Mathematics},
  volume={49},
  number={1},
  pages={189--212},
  year={1994},
  publisher={Elsevier}
}

@article{vimont2008reduced,
  title={Reduced costs propagation in an efficient implicit enumeration for the 01 multidimensional knapsack problem},
  author={Vimont, Yannick and Boussier, Sylvain and Vasquez, Michel},
  journal={Journal of Combinatorial Optimization},
  volume={15},
  number={2},
  pages={165--178},
  year={2008},
  publisher={Springer}
}

@article{della2012improved,
  title={Improved core problem based heuristics for the 0/1 multi-dimensional knapsack problem},
  author={Della Croce, Federico and Grosso, Andrea},
  journal={Computers \& Operations Research},
  volume={39},
  number={1},
  pages={27--31},
  year={2012},
  publisher={Elsevier}
}

% kdtree proposal
@article{bentley1975,
  title={Multidimensional binary search trees used for associative searching},
  author={Bentley, Jon Louis},
  journal={Communications of the ACM},
  volume={18},
  number={9},
  pages={509--517},
  year={1975},
  publisher={ACM}
}

% quad-tree proposal
@article{finkel1974quad,
  title={Quad trees a data structure for retrieval on composite keys},
  author={Finkel, Raphael A and Bentley, Jon Louis},
  journal={Acta informatica},
  volume={4},
  number={1},
  pages={1--9},
  year={1974},
  publisher={Springer}
}

% bazgans MOKP algorithm
@article{bazgan2009,
  title={Solving efficiently the 0--1 multi-objective knapsack problem},
  author={Bazgan, Cristina and Hugot, Hadrien and Vanderpooten, Daniel},
  journal={Computers \& Operations Research},
  volume={36},
  number={1},
  pages={260--279},
  year={2009},
  publisher={Elsevier}
}

%%%    USES OF KD-TREE      %%%%%%%%%%%%%
% kdtree on classification
@article{kanungo2002efficient,
  title={An efficient k-means clustering algorithm: Analysis and implementation},
  author={Kanungo, Tapas and Mount, David M and Netanyahu, Nathan S and Piatko, Christine D and Silverman, Ruth and Wu, Angela Y},
  journal={IEEE transactions on pattern analysis and machine intelligence},
  volume={24},
  number={7},
  pages={881--892},
  year={2002},
  publisher={IEEE}
}
@inproceedings{indyk1998approximate,
  title={Approximate nearest neighbors: towards removing the curse of dimensionality},
  author={Indyk, Piotr and Motwani, Rajeev},
  booktitle={Proceedings of the thirtieth annual ACM symposium on Theory of computing},
  pages={604--613},
  year={1998},
  organization={ACM}
}

% kdtree on geometry
@book{preparata2012computational,
  title={Computational geometry: an introduction},
  author={Preparata, Franco P and Shamos, Michael},
  year={2012},
  publisher={Springer Science \& Business Media}
}
@article{guttman1984r,
  title={R-trees: a dynamic index structure for spatial searching},
  journal={SIGMOD International Conference on Management of
Data},
  author={Guttman, Antonin},
  volume={14},
  number={2},
  year={1984},
  publisher={ACM}
}


% graphic rendering
@article {owens2007survey,
    author = {Owens, John D. and Luebke, David and Govindaraju, Naga and Harris, Mark and Krüger, Jens and Lefohn, Aaron E. and Purcell, Timothy J.},
    title = {A Survey of General-Purpose Computation on Graphics Hardware},
    journal = {Computer Graphics Forum},
    volume = {26},
    number = {1},
    publisher = {Blackwell Publishing Ltd},
    issn = {1467-8659},
    url = {http://dx.doi.org/10.1111/j.1467-8659.2007.01012.x},
    doi = {10.1111/j.1467-8659.2007.01012.x},
    pages = {80--113},
    keywords = {GPGPU, general-purpose computing on graphics hardware, parallel computing, GPU, graphics hardware, SIMD, stream processing, stream computing, data-parallel computing, high-performance computing, HPC, I.3.1 Computer Graphics: Hardware architecture, I.3.6 Computer Graphics: Methodology and techniques, D.2.2 Software Engineering: Design tools and techniques},
    year = {2007},
}


# KDTree efficiency on high-demantional data
@book{toth2004handbook,
  title={Handbook of discrete and computational geometry},
  author={Toth, Csaba D and O'Rourke, Joseph and Goodman, Jacob E},
  year={2004},
  publisher={CRC press}
}

% hardness of MOKP
@article{lust2012multiobjective,
  title={The multiobjective multidimensional knapsack problem: a survey and a new approach},
  author={Lust, Thibaut and Teghem, Jacques},
  journal={International Transactions in Operational Research},
  volume={19},
  number={4},
  pages={495--520},
  year={2012},
  publisher={Wiley Online Library}
}

% dominance relation
@article{weingartner1967methods,
  title={Methods for the solution of the multidimensional 0/1 knapsack problem},
  author={Weingartner, H Martin and Ness, David N},
  journal={Operations Research},
  volume={15},
  number={1},
  pages={83--103},
  year={1967},
  publisher={INFORMS}
}

% dyn prog algorithm
@article{nemhauser1969discrete,
  title={Discrete dynamic programming and capital allocation},
  author={Nemhauser, George L and Ullmann, Zev},
  journal={Management Science},
  volume={15},
  number={9},
  pages={494--505},
  year={1969},
  publisher={INFORMS}
}

% cardinality growth due objectives
@article{gandibleux2000tabu,
  title={Tabu search based procedure for solving the 0-1 multiobjective knapsack problem: the two objectives case},
  author={Gandibleux, Xavier and Freville, Arnaud},
  journal={Journal of Heuristics},
  volume={6},
  number={3},
  pages={361--383},
  year={2000},
  publisher={Springer}
}

@article{da2006scatter,
  title={A scatter search method for bi-criteria $\{$0, 1$\}$-knapsack problems},
  author={da Silva, Carlos Gomes and Cl{\'\i}maco, Jo{\~a}o and Figueira, Jos{\'e}},
  journal={European Journal of Operational Research},
  volume={169},
  number={2},
  pages={373--391},
  year={2006},
  publisher={Elsevier}
}

@article{da2007integrating,
  title={Integrating partial optimization with scatter search for solving bi-criteria $\{$0, 1$\}$-knapsack problems},
  author={da Silva, Carlos Gomes and Figueira, Jos{\'e} and Cl{\'\i}maco, Jo{\~a}o},
  journal={European Journal of Operational Research},
  volume={177},
  number={3},
  pages={1656--1677},
  year={2007},
  publisher={Elsevier}
}

% about range-search
@article{agarwal1999geometric,
  title={Geometric range searching and its relatives},
  author={Agarwal, Pankaj K and Erickson, Jeff and others},
  journal={Contemporary Mathematics},
  volume={223},
  pages={1--56},
  year={1999},
  publisher={Providence, RI: American Mathematical Society}
}

% approximate pareto set
@article{bazgan2015approximate,
  title={Approximate Pareto sets of minimal size for multi-objective optimization problems},
  author={Bazgan, Cristina and Jamain, Florian and Vanderpooten, Daniel},
  journal={Operations Research Letters},
  volume={43},
  number={1},
  pages={1--6},
  year={2015},
  publisher={Elsevier}
}
@article{vanderpooten2017covers,
  title={Covers and approximations in multiobjective optimization},
  author={Vanderpooten, Daniel and Weerasena, Lakmali and Wiecek, Margaret M},
  journal={Journal of Global Optimization},
  volume={67},
  number={3},
  pages={601--619},
  year={2017},
  publisher={Springer}
}

% Survey on multi objective optimization
@book{ehrgott2013multicriteria,
  title={Multicriteria optimization},
  author={Ehrgott, Matthias},
  volume={491},
  year={2013},
  publisher={Springer Science \& Business Media}
}

@misc{martello1990knapsack,
  title={Knapsack Problems, J},
  author={Martello, Silvano and Toth, Paolo},
  year={1990},
  publisher={Wiley \& Sons, Chichester}
}

% Multi-objective knapsack labeling algorithm
@article{captivo2003solving,
  title={Solving bicriteria 0--1 knapsack problems using a labeling algorithm},
  author={Captivo, M Eug{\'e}nia and Cl{\i}́maco, Jo{\~a}o and Figueira, Jos{\'e} and Martins, Ernesto and Santos, Jos{\'e} Luis},
  journal={Computers \& Operations Research},
  volume={30},
  number={12},
  pages={1865--1886},
  year={2003},
  publisher={Elsevier}
}

% Algorithm improvements on dynamic programming...
@article{figueira2013algorithmic,
  title={Algorithmic improvements on dynamic programming for the bi-objective $\{$0, 1$\}$ knapsack problem},
  author={Figueira, Jos{\'e} Rui and Paquete, Lu{\'\i}s and Sim{\~o}es, Marco and Vanderpooten, Daniel},
  journal={Computational Optimization and Applications},
  volume={56},
  number={1},
  pages={97--111},
  year={2013},
  publisher={Springer}
}

% branch and bound for MOKP
@article{visee1998two,
  title={Two-phases method and branch and bound procedures to solve the bi--objective knapsack problem},
  author={Vis{\'e}e, Marc and Teghem, Jacques and Pirlot, Marc and Ulungu, Ekunda L},
  journal={Journal of Global Optimization},
  volume={12},
  number={2},
  pages={139--155},
  year={1998},
  publisher={Springer}
}

% e-constraint method
@book{chankong2008multiobjective,
  title={Multiobjective decision making: theory and methodology},
  author={Chankong, Vira and Haimes, Yacov Y},
  year={2008},
  publisher={Courier Dover Publications}
}

% Compressed data stuct for bi-obj
@article{correia2018,
    title = "Compressed data structures for bi-objective {0,1}-knapsack problems",
    journal = "Computers \& Operations Research",
    volume = "89",
    number = "Supplement C",
    pages = "82 - 93",
    year = "2018",
    issn = "0305-0548",
    doi = "https://doi.org/10.1016/j.cor.2017.08.008",
    url = "http://www.sciencedirect.com/science/article/pii/S0305054817302150",
    author = "Pedro Correia and Luís Paquete and José Rui Figueira",
    keywords = "Multi-objective optimization",
    keywords = "Implicit enumeration techniques"
}

@article{zhao2015shuffled,
  title={A shuffled complex evolution algorithm with opposition-based learning for a permutation flow shop scheduling problem},
  author={Zhao, Fuqing and Zhang, Jianlin and Wang, Junbiao and Zhang, Chuck},
  journal={International Journal of Computer Integrated Manufacturing},
  volume={28},
  number={11},
  pages={1220--1235},
  year={2015},
  publisher={Taylor \& Francis}
}

@article{klamroth2000dynamic,
  title={Dynamic programming approaches to the multiple criteria knapsack problem},
  author={Klamroth, Kathrin and Wiecek, Margaret M},
  journal={Naval Research Logistics},
  volume={47},
  number={1},
  pages={57--76},
  year={2000},
  publisher={New York: Wiley in cooperation with the Office of Naval Research, 1987-}
}

@article{zhao2015improved,
  title={An improved shuffled complex evolution algorithm with sequence mapping mechanism for job shop scheduling problems},
  author={Zhao, Fuqing and Zhang, Jianlin and Zhang, Chuck and Wang, Junbiao},
  journal={Expert Systems with Applications},
  volume={42},
  number={8},
  pages={3953--3966},
  year={2015},
  publisher={Elsevier}
}
@article{bhattacharjee2014shuffled,
  title={Shuffled frog leaping algorithm and its application to 0/1 knapsack problem},
  author={Bhattacharjee, Kaushik Kumar and Sarmah, Sarada Prasad},
  journal={Applied Soft Computing},
  volume={19},
  pages={252--263},
  year={2014},
  publisher={Elsevier}
}

%%%   Shuffled Complex Evolutino on Multi-objective problems
@article{guo2013novel,
  title={A novel multi-objective shuffled complex differential evolution algorithm with application to hydrological model parameter optimization},
  author={Guo, Jun and Zhou, Jianzhong and Zou, Qiang and Liu, Yi and Song, Lixiang},
  journal={Water resources management},
  volume={27},
  number={8},
  pages={2923--2946},
  year={2013},
  publisher={Springer}
}

@article{zouache2018cooperative,
  title={A cooperative swarm intelligence algorithm for multi-objective discrete optimization with application to the knapsack problem},
  author={Zouache, Djaafar and Moussaoui, Abdelouahab and Abdelaziz, Fouad Ben},
  journal={European Journal of Operational Research},
  volume={264},
  number={1},
  pages={74--88},
  year={2018},
  publisher={Elsevier}
}

@incollection{abdelaziz1999hybrid,
  title={A hybrid heuristic for multiobjective knapsack problems},
  author={Abdelaziz, Foued Ben and Krichen, Saoussen and Chaouachi, Jouhaina},
  booktitle={Meta-heuristics},
  pages={205--212},
  year={1999},
  publisher={Springer}
}

@article{martins2017hybrid,
  title={Hybrid multi-objective Bayesian estimation of distribution algorithm: a comparative analysis for the multi-objective knapsack problem},
  author={Martins, Marcella SR and Delgado, Myriam RBS and L{\"u}ders, Ricardo and Santana, Roberto and Gon{\c{c}}alves, Richard A and de Almeida, Carolina P},
  journal={Journal of Heuristics},
  pages={1--23},
  year={2017},
  publisher={Springer}
}

% Behavior of 3 MOKP algorithm
@article{ishibuchi2015behavior,
  title={Behavior of multiobjective evolutionary algorithms on many-objective knapsack problems},
  author={Ishibuchi, Hisao and Akedo, Naoya and Nojima, Yusuke},
  journal={IEEE Transactions on Evolutionary Computation},
  volume={19},
  number={2},
  pages={264--283},
  year={2015},
  publisher={IEEE}
}

% Simulated annealing for MOKP
@article{czyzzak1998pareto,
  title={Pareto simulated annealing—a metaheuristic technique for multiple-objective combinatorial optimization},
  author={Czyz{\.z}ak, Piotr and Jaszkiewicz, Adrezej},
  journal={Journal of Multi-Criteria Decision Analysis},
  volume={7},
  number={1},
  pages={34--47},
  year={1998},
  publisher={Wiley Online Library}
}

@article{rosenblatt1989generating,
  title={Generating the discrete efficient frontier to the capital budgeting problem},
  author={Rosenblatt, Meir J and Sinuany-Stern, Zilla},
  journal={Operations Research},
  volume={37},
  number={3},
  pages={384--394},
  year={1989},
  publisher={INFORMS}
}

@article{teng1996multiobjective,
  title={A multiobjective programming approach for selecting non-independent transportation investment alternatives},
  author={Teng, Junn-Yuan and Tzeng, Gwo-Hshiung},
  journal={Transportation Research Part B: Methodological},
  volume={30},
  number={4},
  pages={291--307},
  year={1996},
  publisher={Elsevier}
}

@article{gao2014quantum,
  title={A quantum-inspired artificial immune system for the multiobjective 0--1 knapsack problem},
  author={Gao, Jiaquan and He, Guixia and Liang, Ronghua and Feng, Zhilin},
  journal={Applied Mathematics and Computation},
  volume={230},
  pages={120--137},
  year={2014},
  publisher={Elsevier}
}

@article{deb2002fast,
  title={A fast and elitist multiobjective genetic algorithm: NSGA-II},
  author={Deb, Kalyanmoy and Pratap, Amrit and Agarwal, Sameer and Meyarivan, TAMT},
  journal={IEEE transactions on evolutionary computation},
  volume={6},
  number={2},
  pages={182--197},
  year={2002},
  publisher={IEEE}
}

@inproceedings{zitzler1998multiobjective,
  title={Multiobjective optimization using evolutionary algorithms—a comparative case study},
  author={Zitzler, Eckart and Thiele, Lothar},
  booktitle={international conference on parallel problem solving from nature},
  pages={292--301},
  year={1998},
  organization={Springer}
}

@article{zitzler2001spea2,
  title={SPEA2: Improving the strength Pareto evolutionary algorithm},
  author={Zitzler, Eckart and Laumanns, Marco and Thiele, Lothar},
  year={2001}
}

@techreport{schott1995fault,
  title={Fault Tolerant Design Using Single and Multicriteria Genetic Algorithm Optimization.},
  author={Schott, Jason R},
  year={1995},
  institution={AIR FORCE INST OF TECH WRIGHT-PATTERSON AFB OH}
}

%%%%%%%%%%%%%%%%%%
%   M. Baroni    %
%%%%%%%%%%%%%%%%%%
@incollection{baroni2015shuffled,
  title={A Shuffled Complex Evolution Algorithm For the Multidimensional Knapsack Problem},
  author={Baroni, Marcos Daniel Valad{\~a}o and Varej{\~a}o, Fl{\'a}vio Miguel},
  booktitle={Progress in Pattern Recognition, Image Analysis, Computer Vision, and Applications},
  pages={768--775},
  year={2015},
  publisher={Springer}
}

@inproceedings{baroni2016shuffled,
  title={A shuffled complex evolution algorithm for the multidimensional knapsack problem using core concept},
  author={Baroni, Marcos Daniel Valad{\~a}o and Varej{\~a}o, Fl{\'a}vio Miguel},
  booktitle={Evolutionary Computation (CEC), 2016 IEEE Congress on},
  pages={2718--2723},
  year={2016},
  organization={IEEE}
}

@preamble{ " \newcommand{\noop}[1]{} " }
@article{baroni2017,
  title={Multi-dimensional indexing on dynamic programming for multi-objective knapsack problem},
  author={Baroni, Marcos Daniel Valad{\~a}o and Varej{\~a}o, Fl{\'a}vio Miguel},
  journal={International Transactions in Operational Research},
  publisher={Wiley Online Library},
  year={2017, Submitted}
}

@inproceedings{baroni2018,
  title={An efficient shuffled complex evolution algorithm for the multi-objective knapsack problem},
  author={Baroni, Marcos Daniel Valad{\~a}o and Varej{\~a}o, Fl{\'a}vio Miguel},
  booktitle={Evolutionary Computation (CEC), 2018 IEEE Congress on},
  year={2018, In~Preparation},
  organization={IEEE}
}