
@article{bentley1975,
  title={Multidimensional binary search trees used for associative searching},
  author={Bentley, Jon Louis},
  journal={Communications of the ACM},
  volume={18},
  number={9},
  pages={509--517},
  year={1975},
  publisher={ACM}
}

@article{bazgan2009,
  title={Solving efficiently the 0--1 multi-objective knapsack problem},
  author={Bazgan, Cristina and Hugot, Hadrien and Vanderpooten, Daniel},
  journal={Computers \& Operations Research},
  volume={36},
  number={1},
  pages={260--279},
  year={2009},
  publisher={Elsevier}
}

%%%    USES OF KD-TREE      %%%%%%%%%%%%%
% kdtree on classification
@article{kanungo2002efficient,
  title={An efficient k-means clustering algorithm: Analysis and implementation},
  author={Kanungo, Tapas and Mount, David M and Netanyahu, Nathan S and Piatko, Christine D and Silverman, Ruth and Wu, Angela Y},
  journal={IEEE transactions on pattern analysis and machine intelligence},
  volume={24},
  number={7},
  pages={881--892},
  year={2002},
  publisher={IEEE}
}
@inproceedings{indyk1998approximate,
  title={Approximate nearest neighbors: towards removing the curse of dimensionality},
  author={Indyk, Piotr and Motwani, Rajeev},
  booktitle={Proceedings of the thirtieth annual ACM symposium on Theory of computing},
  pages={604--613},
  year={1998},
  organization={ACM}
}

% kdtree on geometry
@book{preparata2012computational,
  title={Computational geometry: an introduction},
  author={Preparata, Franco P and Shamos, Michael},
  year={2012},
  publisher={Springer Science \& Business Media}
}
@book{guttman1984r,
  title={R-trees: a dynamic index structure for spatial searching},
  author={Guttman, Antonin},
  volume={14},
  number={2},
  year={1984},
  publisher={ACM}
}


% graphic rendering
@inproceedings{owens2007survey,
  title={A survey of general-purpose computation on graphics hardware},
  author={Owens, John D and Luebke, David and Govindaraju, Naga and Harris, Mark and Kr{\"u}ger, Jens and Lefohn, Aaron E and Purcell, Timothy J},
  booktitle={Computer graphics forum},
  volume={26},
  number={1},
  pages={80--113},
  year={2007},
  organization={Wiley Online Library}
}

# KDTree efficiency on high-demantional data
@book{toth2004handbook,
  title={Handbook of discrete and computational geometry},
  author={Toth, Csaba D and O'Rourke, Joseph and Goodman, Jacob E},
  year={2004},
  publisher={CRC press}
}

% hardness of MOKP
@article{lust2012multiobjective,
  title={The multiobjective multidimensional knapsack problem: a survey and a new approach},
  author={Lust, Thibaut and Teghem, Jacques},
  journal={International Transactions in Operational Research},
  volume={19},
  number={4},
  pages={495--520},
  year={2012},
  publisher={Wiley Online Library}
}

