@ARTICLE{david2005,
    author = {David Pisinger},
    title = {Where are the hard knapsack problems},
    journal = {Computers and Operations Research},
    year = {2005},
    volume = {32}
}

@book{glover1997tabu,
  title={Tabu search},
  author={Glover, Fred and Laguna, Manuel and others},
  volume={22},
  year={1997},
  publisher={Springer}
}

@report{ANEEL2012,
  title={Nota T\'ecnica},
  author={G. A. S., Caputo and Alencastro, E. de},
  institution={SRE/ANEEL},
  year={2012},
  number={0251},
  url={http://www.aneel.gov.br/cedoc/nreh20121326.pdf},
  type={}
}

@incollection{pok2002,
  year={2002},
  isbn={978-3-540-44180-9},
  booktitle={Algorithms — ESA 2002},
  volume={2461},
  series={Lecture Notes in Computer Science},
  editor={Möhring, Rolf and Raman, Rajeev},
  doi={10.1007/3-540-45749-6_54},
  title={Partially-Ordered Knapsack and Applications to Scheduling},
  url={http://dx.doi.org/10.1007/3-540-45749-6_54},
  publisher={Springer Berlin Heidelberg},
  author={Kolliopoulos, Stavros G. and Steiner, George},
  pages={612-624},
  language={English}
}

@article{neighbourkp2009,
  author = {Borradaile, G. and Heeringa, B. and Wilfong, G.},
  title = {The Knapsack Problem with Neighbour Constraints},
  journal = {ArXiv e-prints},
  archivePrefix = {"arXiv"},
  eprint = {0910.0777},
  primaryClass = {"cs.DS"},
  keywords = {Computer Science - Data Structures and Algorithms, Computer Science - Discrete Mathematics},
  year = 2009,
  month = oct,
  adsurl = {http://adsabs.harvard.edu/abs/2009arXiv0910.0777B},
  adsnote = {Provided by the SAO/NASA Astrophysics Data System}
}

@inproceedings{vasquez2001,
author = {Michel Vasquez and Jin-kao Hao},
title = {{A Hybrid Approach for the 01 Multidimensional Knapsack problem}},
booktitle = {International Joint Conference on Artificial Intelligence},
year = {2001},
pages = {328--333},
masid = {613716}
}

@article{vasquez2005,
author = {Michel Vasquez and Yannick Vimont},
title = {{Improved results on the 0-1 multidimensional knapsack problem}},
journal = {European Journal of Operational Research},
volume = {165},
year = {2005},
pages = {70--81},
issue = {1},
doi = {10.1016/j.ejor.2004.01.024},
masid = {2141142}
}

@article{puchinger2010,
author = {Jakob Puchinger and Günther R. Raidl and Ulrich Pferschy},
title = {{The Multidimensional Knapsack Problem: Structure and Algorithms}},
journal = {Informs Journal on Computing},
volume = {22},
year = {2010},
pages = {250--265},
issue = {2},
doi = {10.1287/ijoc.1090.0344},
masid = {4572817}
}
