
% kdtree proposal
@article{bentley1975,
  title={Multidimensional binary search trees used for associative searching},
  author={Bentley, Jon Louis},
  journal={Communications of the ACM},
  volume={18},
  number={9},
  pages={509--517},
  year={1975},
  publisher={ACM}
}

% quad-tree proposal
@article{finkel1974quad,
  title={Quad trees a data structure for retrieval on composite keys},
  author={Finkel, Raphael A and Bentley, Jon Louis},
  journal={Acta informatica},
  volume={4},
  number={1},
  pages={1--9},
  year={1974},
  publisher={Springer}
}

% bazgans MOKP algorithm
@article{bazgan2009,
  title={Solving efficiently the 0--1 multi-objective knapsack problem},
  author={Bazgan, Cristina and Hugot, Hadrien and Vanderpooten, Daniel},
  journal={Computers \& Operations Research},
  volume={36},
  number={1},
  pages={260--279},
  year={2009},
  publisher={Elsevier}
}

%%%    USES OF KD-TREE      %%%%%%%%%%%%%
% kdtree on classification
@article{kanungo2002efficient,
  title={An efficient k-means clustering algorithm: Analysis and implementation},
  author={Kanungo, Tapas and Mount, David M and Netanyahu, Nathan S and Piatko, Christine D and Silverman, Ruth and Wu, Angela Y},
  journal={IEEE transactions on pattern analysis and machine intelligence},
  volume={24},
  number={7},
  pages={881--892},
  year={2002},
  publisher={IEEE}
}
@inproceedings{indyk1998approximate,
  title={Approximate nearest neighbors: towards removing the curse of dimensionality},
  author={Indyk, Piotr and Motwani, Rajeev},
  booktitle={Proceedings of the thirtieth annual ACM symposium on Theory of computing},
  pages={604--613},
  year={1998},
  organization={ACM}
}

% kdtree on geometry
@book{preparata2012computational,
  title={Computational geometry: an introduction},
  author={Preparata, Franco P and Shamos, Michael},
  year={2012},
  publisher={Springer Science \& Business Media}
}
@article{guttman1984r,
  title={R-trees: a dynamic index structure for spatial searching},
  journal={SIGMOD International Conference on Management of
Data},
  author={Guttman, Antonin},
  volume={14},
  number={2},
  year={1984},
  publisher={ACM}
}


% graphic rendering
@article {owens2007survey,
    author = {Owens, John D. and Luebke, David and Govindaraju, Naga and Harris, Mark and Krüger, Jens and Lefohn, Aaron E. and Purcell, Timothy J.},
    title = {A Survey of General-Purpose Computation on Graphics Hardware},
    journal = {Computer Graphics Forum},
    volume = {26},
    number = {1},
    publisher = {Blackwell Publishing Ltd},
    issn = {1467-8659},
    url = {http://dx.doi.org/10.1111/j.1467-8659.2007.01012.x},
    doi = {10.1111/j.1467-8659.2007.01012.x},
    pages = {80--113},
    keywords = {GPGPU, general-purpose computing on graphics hardware, parallel computing, GPU, graphics hardware, SIMD, stream processing, stream computing, data-parallel computing, high-performance computing, HPC, I.3.1 Computer Graphics: Hardware architecture, I.3.6 Computer Graphics: Methodology and techniques, D.2.2 Software Engineering: Design tools and techniques},
    year = {2007},
}


# KDTree efficiency on high-demantional data
@book{toth2004handbook,
  title={Handbook of discrete and computational geometry},
  author={Toth, Csaba D and O'Rourke, Joseph and Goodman, Jacob E},
  year={2004},
  publisher={CRC press}
}

% hardness of MOKP
@article{lust2012multiobjective,
  title={The multiobjective multidimensional knapsack problem: a survey and a new approach},
  author={Lust, Thibaut and Teghem, Jacques},
  journal={International Transactions in Operational Research},
  volume={19},
  number={4},
  pages={495--520},
  year={2012},
  publisher={Wiley Online Library}
}

% dominance relation
@article{weingartner1967methods,
  title={Methods for the solution of the multidimensional 0/1 knapsack problem},
  author={Weingartner, H Martin and Ness, David N},
  journal={Operations Research},
  volume={15},
  number={1},
  pages={83--103},
  year={1967},
  publisher={INFORMS}
}

% dyn prog algorithm
@article{nemhauser1969discrete,
  title={Discrete dynamic programming and capital allocation},
  author={Nemhauser, George L and Ullmann, Zev},
  journal={Management Science},
  volume={15},
  number={9},
  pages={494--505},
  year={1969},
  publisher={INFORMS}
}

% cardinality growth due objectives
@article{gandibleux2000tabu,
  title={Tabu search based procedure for solving the 0-1 multiobjective knapsack problem: the two objectives case},
  author={Gandibleux, Xavier and Freville, Arnaud},
  journal={Journal of Heuristics},
  volume={6},
  number={3},
  pages={361--383},
  year={2000},
  publisher={Springer}
}

% about range-search
@article{agarwal1999geometric,
  title={Geometric range searching and its relatives},
  author={Agarwal, Pankaj K and Erickson, Jeff and others},
  journal={Contemporary Mathematics},
  volume={223},
  pages={1--56},
  year={1999},
  publisher={Providence, RI: American Mathematical Society}
}

% approximate pareto set
@article{bazgan2015approximate,
  title={Approximate Pareto sets of minimal size for multi-objective optimization problems},
  author={Bazgan, Cristina and Jamain, Florian and Vanderpooten, Daniel},
  journal={Operations Research Letters},
  volume={43},
  number={1},
  pages={1--6},
  year={2015},
  publisher={Elsevier}
}
@article{vanderpooten2017covers,
  title={Covers and approximations in multiobjective optimization},
  author={Vanderpooten, Daniel and Weerasena, Lakmali and Wiecek, Margaret M},
  journal={Journal of Global Optimization},
  volume={67},
  number={3},
  pages={601--619},
  year={2017},
  publisher={Springer}
}

% Survey on multi objective optimization
@book{ehrgott2013multicriteria,
  title={Multicriteria optimization},
  author={Ehrgott, Matthias},
  volume={491},
  year={2013},
  publisher={Springer Science \& Business Media}
}

@misc{martello1990knapsack,
  title={Knapsack Problems, J},
  author={Martello, Silvano and Toth, Paolo},
  year={1990},
  publisher={Wiley \& Sons, Chichester}
}

% Multi-objective knapsack labeling algorithm
@article{captivo2003solving,
  title={Solving bicriteria 0--1 knapsack problems using a labeling algorithm},
  author={Captivo, M Eug{\'e}nia and Cl{\i}́maco, Jo{\~a}o and Figueira, Jos{\'e} and Martins, Ernesto and Santos, Jos{\'e} Luis},
  journal={Computers \& Operations Research},
  volume={30},
  number={12},
  pages={1865--1886},
  year={2003},
  publisher={Elsevier}
}

% Algorithm improvements on dynamic programming...
@article{figueira2013algorithmic,
  title={Algorithmic improvements on dynamic programming for the bi-objective $\{$0, 1$\}$ knapsack problem},
  author={Figueira, Jos{\'e} Rui and Paquete, Lu{\'\i}s and Sim{\~o}es, Marco and Vanderpooten, Daniel},
  journal={Computational Optimization and Applications},
  volume={56},
  number={1},
  pages={97--111},
  year={2013},
  publisher={Springer}
}

% branch and bound for MOKP
@article{visee1998two,
  title={Two-phases method and branch and bound procedures to solve the bi--objective knapsack problem},
  author={Vis{\'e}e, Marc and Teghem, Jacques and Pirlot, Marc and Ulungu, Ekunda L},
  journal={Journal of Global Optimization},
  volume={12},
  number={2},
  pages={139--155},
  year={1998},
  publisher={Springer}
}

% e-constraint method
@book{chankong2008multiobjective,
  title={Multiobjective decision making: theory and methodology},
  author={Chankong, Vira and Haimes, Yacov Y},
  year={2008},
  publisher={Courier Dover Publications}
}

% Compressed data stuct for bi-obj
@article{correia2018,
    title = "Compressed data structures for bi-objective {0,1}-knapsack problems",
    journal = "Computers \& Operations Research",
    volume = "89",
    number = "Supplement C",
    pages = "82 - 93",
    year = "2018",
    issn = "0305-0548",
    doi = "https://doi.org/10.1016/j.cor.2017.08.008",
    url = "http://www.sciencedirect.com/science/article/pii/S0305054817302150",
    author = "Pedro Correia and Luís Paquete and José Rui Figueira",
    keywords = "Multi-objective optimization",
    keywords = "Implicit enumeration techniques"
}

