@article{dawande2000approximation,
  title={Approximation algorithms for the multiple knapsack problem with assignment restrictions},
  author={Dawande, Milind and Kalagnanam, Jayant and Keskinocak, Pinar and Salman, F Sibel and Ravi, R},
  journal={Journal of Combinatorial Optimization},
  volume={4},
  number={2},
  pages={171--186},
  year={2000},
  publisher={Springer}
}


@article{lawler1966branch,
  title={Branch-and-bound methods: A survey},
  author={Lawler, Eugene L and Wood, David E},
  journal={Operations research},
  volume={14},
  number={4},
  pages={699--719},
  year={1966},
  publisher={INFORMS}
}


@incollection{puchinger2006core,
  title={The core concept for the multidimensional knapsack problem},
  author={Puchinger, Jakob and Raidl, G{\"u}nther R and Pferschy, Ulrich},
  booktitle={Evolutionary Computation in Combinatorial Optimization},
  pages={195--208},
  year={2006},
  publisher={Springer Berlin Heidelberg},
  editor={Gottlieb, Jens and Raidl, G{\"u}nther R.},
}

@article{lai2006knapsack,
  title={The Knapsack Problem and Fully Polynomial Time Approximation Schemes (FPTAS)},
  author={Lai, Katherine and Goemans, MX},
  journal={Retrieved November},
  volume={3},
  pages={2012},
  year={2006}
}

@article{dantzig1955generalized,
  title={The generalized simplex method for minimizing a linear form under linear inequality restraints},
  author={Dantzig, George B and Orden, Alex and Wolfe, Philip},
  journal={Pacific Journal of Mathematics},
  volume={5},
  number={2},
  pages={183--195},
  year={1955}
}

@misc{ANEEL2012,
  title={Technical Note n.0251/2012-SRE/ANEEL},
  author={Caputo, Geovane Anselmo Silveira and Alencastro, Eduardo de},
  institution={SRE/ANEEL},
  year={2012},
  number={0251},
  howpublished={http://www.aneel.gov.br/cedoc/nreh20121326.pdf},
  type={}
}

@incollection{pok2002,
author={Kolliopoulos, Stavros G. and Steiner, George},
year={2002},
isbn={978-3-540-44180-9},
booktitle={Algorithms -- ESA 2002},
editor={M\"ohring, Rolf and Raman, Rajeev},
title={Partially-Ordered Knapsack and Applications to Scheduling},
pages={612--624},
publisher={Springer Berlin Heidelberg},
}

@article{pok2007,
title = {Partially ordered knapsack and applications to scheduling},
journal = {Discrete Applied Mathematics},
volume = {155},
number = {8},
pages = {889 - 897},
year = {2007},
author = {Stavros G. Kolliopoulos and George Steiner}
}

@inproceedings{vasquez2001,
author = {Michel Vasquez and Jinkao Hao},
title = {A Hybrid Approach for the 01 Multidimensional Knapsack problem},
booktitle = {International Joint Conference on Artificial Intelligence},
year = {2001},
pages = {328--333}
}

@article{vasquez2005,
author = {Michel Vasquez and Yannick Vimont},
title = {Improved results on the 0-1 multidimensional knapsack problem},
journal = {European Journal of Operational Research},
volume = {165},
year = {2005},
pages = {70--81},
issue = {1}
}

@article{puchinger2010,
author = {Jakob Puchinger and Günther R. Raidl and Ulrich Pferschy},
title = {The Multidimensional Knapsack Problem: Structure and Algorithms},
journal = {Informs Journal on Computing},
volume = {22},
year = {2010},
pages = {250--265},
issue = {2}
}

@PhdThesis{pisinger1995,
  title={Algorithms for knapsack problems},
  author={Pisinger, David},
  school={University of Copenhagen},
  year={1995}
}

@ARTICLE{pisinger2005,
    author = {David Pisinger},
    title = {Where are the hard knapsack problems},
    journal = {Computers \& Operations Research},
    volume = {32},
    number = {9},
    pages = {2271--2284},
    year = {2005}
}
@book{glover1997tabu,
    title={Tabu search},
    author={Glover, Fred and Laguna, Manuel and others},
    volume={22},
    year={1997},
    publisher={Springer}
}

@article{glover1989tabup1,
    author = {Glover, Fred},
    title = {Tabu Search - Part 1},
    journal = {ORSA Journal on Computing},
    volume = {1},
    number = {3},
    pages = {190-206},
    year = {1989}
}

@article{glover1990tabup2,
    author = {Glover, Fred},
    title = {Tabu Search - Part 2},
    journal = {ORSA Journal on Computing},
    volume = {2},
    number = {1},
    pages = {4-32},
    year = {1990}
}

@article{garey1978,
    author = {Garey, M. R. and Johnson, D. S.},
    title = {Strong NP-Completeness Results: Motivation, Examples, and Implications},
    journal = {J. ACM},
    issue_date = {July 1978},
    volume = {25},
    number = {3},
    month = jul,
    year = {1978},
    pages = {499--508},
    numpages = {10},
    publisher = {ACM},
    address = {New York, NY, USA},
} 

@misc{Cplex,
  title={IBM ILOG CPLEX Optimization Studio},
  institution={IBM},
  url={www.ibm.com/software/commerce/optimization/cplex-optimizer/},
  note={Last access: 19/05/2015}
}

@misc{Anl,
  title={Agência Nacional de Energia Elétrica},
  url={http://www.aneel.gov.br/},
  note={Acessado em: 19/05/2015}
  }

@article{padberg1991branch,
  title={A branch-and-cut algorithm for the resolution of large-scale symmetric traveling salesman problems},
  author={Padberg, Manfred and Rinaldi, Giovanni},
  journal={SIAM review},
  volume={33},
  number={1},
  pages={60--100},
  year={1991},
  publisher={SIAM}
}

@PhdThesis{Koch2004,
  author       = {Thorsten Koch},
  title        = {Rapid Mathematical Prototyping},
  school       = {Technische Universit{\"a}t Berlin},
  year         = {2004},
}

@MastersThesis{Moreira2015,
  author       = {Joao Carlos Heringer Moreira},
  title        = {Uma Abordagem com Multi-Mochilas Multidimensionais para o Problema de Aloca\c{c}\~ao de A\c{c}\~oes de Redu\c{c}\~ao de Perdas na Distribui\c{c}\~ao de Energia},
  school       = {Universidade Federal do Esp\'irito Santo},
  year         = {2015},
}

@misc{relatorioEDP2011,
  title={Demonstra\c{c}\~oes Financeiras 2011},
  author={Abreu, Antonio Manuel Barreto Pita de and Setas, Miguel Nuno Simoes Nunes Ferreira and Martins, Carlos Sergio Salgueira},
  howpublished={http://www.edp.com.br/conheca-edp/relatorios/Documents/relatorio\_2011.pdf},
  year= {2011},
}

@Book{kellerer2004knapsack,
    title={Knapsack Problems},
    author={Kellerer, Hans and Pferschy, Ulrich and Pisinger, David},
    year={2004},
    publisher={Springer}
}

@article{chubeasley1998,
year={1998},
journal={Journal of Heuristics},
volume={4},
number={1},
title={A Genetic Algorithm for the Multidimensional Knapsack Problem},
publisher={Kluwer Academic Publishers},
author={Chu, P.C. and Beasley, J.E.},
pages={63-86}
}

@article{Kong2008Aco,
title = {A new ant colony optimization algorithm for the multidimensional Knapsack problem},
journal = {Computers \& Operations Research},
volume = {35},
number = {8},
pages = {2672--2683},
year = {2008},
author = {Min Kong and Peng Tian and Yucheng Kao}
}

@article {pirkul1987,
author = {Pirkul, Hasan},
title = {A heuristic solution procedure for the multiconstraint zero-one knapsack problem},
journal = {Naval Research Logistics (NRL)},
volume = {34},
number = {2},
publisher = {Wiley Subscription Services},
pages = {161--172},
year = {1987}
}

@article{danmeyer1993,
year={1993},
journal={Annals of Operations Research},
volume={41},
number={2},
title={Dynamic tabu list management using the reverse elimination method},
publisher={Baltzer Science Publishers, Baarn/Kluwer Academic Publishers},
author={Dammeyer, Frank and Voß, Stefan},
pages={29-46}
}

@article{hanafi2001,
year={2001},
journal={RAIRO - Operations Research},
volume={35},
number={2},
title={Extension of Reverse Elimination Method Through a Dynamic Management of the Tabu List},
publisher={EDP Sciences},
author={Hanafi, Said and Freville, Arnaud},
pages={251-267}
}

@article{freville2004,
title = {The multidimensional 0–1 knapsack problem: An overview },
journal = {European Journal of Operational Research },
volume = {155},
number = {1},
pages = {1 - 21},
year = {2004},
author = {Arnaud Freville}
}

@article{shihabi2010,
title = {A hybrid of Nested Partition, Binary Ant System, and Linear Programming for the multidimensional knapsack problem },
journal = {Computers \& Operations Research },
volume = {37},
number = {2},
pages = {247 - 255},
year = {2010},
author = {S. Al-Shihabi and S. Ólafsson}
}

@article{beheshti2013,
year={2013},
journal={Journal of Global Optimization},
volume={57},
number={2},
title={Binary Accelerated Particle Swarm Algorithm (BAPSA) for discrete optimization problems},
publisher={Springer US},
author={Beheshti, Zahra and Shamsuddin, SitiMariyam and Yuhaniz, SitiSophiayati},
pages={549-573}
}

@article{chih2014,
title = {Particle swarm optimization with time-varying acceleration coefficients for the multidimensional knapsack problem},
journal = {Applied Mathematical Modelling},
volume = {38},
number = {4},
pages = {1338 - 1350},
year = {2014},
author = {Mingchang Chih and Chin Jung Lin and Maw Sheng Chern and Tsung Yin Ou}
}

@article{martins2014,

title = {On the performance of linkage-tree genetic algorithms for the multidimensional knapsack problem},
journal = {Neurocomputing},
volume = {146},
number = {0},
pages = {17 - 29},
year = {2014},
author = {Jean P. Martins and Carlos M. Fonseca and Alexandre C. B. Delbem}
}

@article{wang2013,
title = {A novel binary fruit fly optimization algorithm for solving the multidimensional knapsack problem},
journal = {Knowledge-Based Systems},
volume = {48},
number = {0},
pages = {17 - 23},
year = {2013},
author = {Ling Wang and Xiao Long Zheng and Sheng Yao Wang}
}

@article{lambert2014,
year={2014},
journal={Annals of Operations Research},
volume={222},
number={1},
title={Tailored Lagrangian Relaxation for the open pit block sequencing problem},
publisher={Springer US},
author={Lambert, W.B. and Newman, A.M.},
pages={419-438}
}

@article{borradaile2012,
title = {The knapsack problem with neighbour constraints},
journal = {Journal of Discrete Algorithms },
volume = {16},
number = {0},
pages = {224 - 235},
year = {2012},
author = {Glencora Borradaile and Brent Heeringa and Gordon Wilfong}
}

@article{amarante2013,
author = {Silvio Roberto Martins Amarante and Filipe Maciel Roberto and Andre Ribeiro Cardoso and Joaquim Celestino},
title = {Using the Multiple Knapsack Problem to Model the Problem of Virtual Machine Allocation in Cloud Computing},
journal ={2013 IEEE 16th International Conference on Computational Science and Engineering},
volume = {0},
year = {2013},
pages = {476-483},
publisher = {IEEE Computer Society},
}

@article{patvardhan2014,
author = {C. Patvardhan and Sulabh Bansal and Anand Srivastav},
title = {Balanced Quantum-Inspired Evolutionary Algorithm for Multiple Knapsack Problem},
journal ={International Journal of Intelligent Systems and Applications},
volume = {6},
number = {11},
year = {2014},
pages = {1--12},
publisher = {MECS},
}

@inproceedings{moreira2014,
author = {João Carlos Heringer Moreira and Marcos Daniel Valadão Baroni and Flávio Miguel Varejão and Diego Luchi and Fábio Fabris},
title = {A Multidimensional Multiple Knapsack Approach For The Problem Of Loss Reduction on Energy Distribution},
booktitle = {Proceedings of the XXXV Iberian Latin American Congress on Computational Methods in Engineering},
year = {2014}
}

@article{dellacroce2012,
 author = {Della Croce, F. and Grosso, A.},
 title = {Improved Core Problem Based Heuristics for the 0/1 Multi-dimensional Knapsack Problem},
 journal = {Computers and Operations Research},
 issue_date = {January, 2012},
 volume = {39},
 number = {1},
 year = {2012},
 pages = {27--31},
 publisher = {Elsevier Science Ltd.},
}

@article{boussier2010,
  author    = {Sylvain Boussier and Michel Vasquez and Yannick Vimont and Said Hanafi and Philippe Michelon},
  title     = {A multi-level search strategy for the 0-1 Multidimensional Knapsack Problem},
  journal   = {Discrete Applied Mathematics},
  volume    = {158},
  number    = {2},
  pages     = {97--109},
  year      = {2010},
}