@article{mcmillan1973resource,
  title={Resource allocation via 0--1 programming},
  author={McMillan, C and Plaine, DR},
  journal={Decision Sciences},
  volume={4},
  pages={119--132},
  year={1973}
}

@Article{Gilmore-Gomory-1966,
author = {Gilmore, P. C. and Gomory, R. E.},
title = {{The Theory and Computation of Knapsack Functions}},
journal = {Operations Research},
volume = {14},
year = {1966},
pages = {1045--1074},
issue = {6},
doi = {10.1287/opre.14.6.1045},
masid = {2018396}
}

@article{Shih-1979,
author = {Shih, W.},
title = {{A Branch and Bound Method for the Multiconstraint Zero-One Knapsack Problem}},
journal = {Journal of The Operational Research Society},
volume = {30},
year = {1979},
pages = {369--378},
issue = {4},
doi = {10.1057/jors.1979.78},
masid = {2032556}
}

@article{Gavish-Pirckul-1982,
author = {Gavish, B. and Pirkul, H.},
title = {{Allocation of data bases and processors in a distributed computing system}},
year = {1982},
masid = {2678570}
}

@article{duan1992effective,
  title={Effective and efficient global optimization for conceptual rainfall-runoff models},
  author={Duan, Qingyun and Sorooshian, Soroosh and Gupta, Vijai},
  journal={Water resources research},
  volume={28},
  number={4},
  pages={1015--1031},
  year={1992},
  publisher={Wiley Online Library}
}

@article{zhao2014shuffled,
  title={A shuffled complex evolution algorithm with opposition-based learning for a permutation flow shop scheduling problem},
  author={Zhao, Fuqing and Zhang, Jianlin and Wang, Junbiao and Zhang, Chuck},
  journal={International Journal of Computer Integrated Manufacturing},
  number={ahead-of-print},
  pages={1--16},
  year={2014},
  publisher={Taylor \& Francis}
}

@article{elbeltagi2007modified,
  title={A modified shuffled frog-leaping optimization algorithm: applications to project management},
  author={Elbeltagi, Emad and Hegazy, Tarek and Grierson, Donald},
  journal={Structure and Infrastructure Engineering},
  volume={3},
  number={1},
  pages={53--60},
  year={2007},
  publisher={Taylor \& Francis}
}

@article{Chu-Beasley-1998,
 author = {Chu, P. C. and Beasley, J. E.},
 title = {A Genetic Algorithm for the Multidimensional Knapsack Problem},
 journal = {Journal of Heuristics},
 issue_date = {June 1998},
 volume = {4},
 number = {1},
 month = jun,
 year = {1998},
 issn = {1381-1231},
 pages = {63--86},
 numpages = {24},
 url = {http://dx.doi.org/10.1023/A:1009642405419},
 doi = {10.1023/A:1009642405419},
 acmid = {594978},
 publisher = {Kluwer Academic Publishers},
 address = {Hingham, MA, USA},
 keywords = {combinatorial optimisation, genetic algorithms, multiconstraint knapsack, multidimensional knapsack}
} 

@article{freville1994efficient,
  title={An efficient preprocessing procedure for the multidimensional 0--1 knapsack problem},
  author={Freville, Arnaud and Plateau, G{\'e}rard},
  journal={Discrete Applied Mathematics},
  volume={49},
  number={1},
  pages={189--212},
  year={1994},
  publisher={Elsevier}
}

